@PHDTHESIS{Zh:PHDThesis,
  title = {Privacy Preservation for Cloud-Based Data Sharing and Data Analytics},
  author = {Zheng, Yao},
  author+an = {1=highlight},
  year={2016},
  school={Virginia Polytechnic Institute and State University},
  keywords={{yao zheng}, thesis}, 
  url_Paper = {http://gustybear.github.io/doc/Zheng_Y_D_2016.pdf},
  url_Slides = {http://gustybear.github.io/doc/Zheng_Y_D_slides.pdf}
}